%% LaTeX2e file `report.bib'
%% generated by the `filecontents' environment
%% from source `report' on 2021/12/08.
%%
@ARTICLE{chenciner_montgomery_2000,
       author = {{Chenciner}, Alain and {Montgomery}, Richard},
        title = "{A remarkable periodic solution of the three-body problem in the case of equal masses}",
      journal = {arXiv Mathematics e-prints},
     keywords = {Mathematics - Dynamical Systems},
         year = 2000,
        month = oct,
          eid = {math/0011268},
        pages = {math/0011268},
archivePrefix = {arXiv},
       eprint = {math/0011268},
 primaryClass = {math.DS},
       adsurl = {https://ui.adsabs.harvard.edu/abs/2000math.....11268C},
      adsnote = {Provided by the SAO/NASA Astrophysics Data System}
}
